@Manual{R-base,
  title = {R: A Language and Environment for Statistical Computing},
  author = {{R Core Team}},
  organization = {R Foundation for Statistical Computing},
  address = {Vienna, Austria},
  year = {2023},
  url = {https://www.R-project.org/},
}
@Manual{R-papaja,
  title = {{papaja}: {Prepare} reproducible {APA} journal articles with {R Markdown}},
  author = {Frederik Aust and Marius Barth},
  year = {2023},
  note = {R package version 0.1.2},
  url = {https://github.com/crsh/papaja},
}
@Manual{R-tinylabels,
  title = {{tinylabels}: Lightweight Variable Labels},
  author = {Marius Barth},
  year = {2023},
  note = {R package version 0.2.4},
  url = {https://cran.r-project.org/package=tinylabels},
}
@Manual{R-dplyr,
  title = {dplyr: A Grammar of Data Manipulation},
  author = {Hadley Wickham and Romain François and Lionel Henry and Kirill Müller and Davis Vaughan},
  year = {2023},
  note = {R package version 1.1.4},
  url = {https://CRAN.R-project.org/package=dplyr},
}
@Manual{R-forcats,
  title = {forcats: Tools for Working with Categorical Variables (Factors)},
  author = {Hadley Wickham},
  year = {2023},
  note = {R package version 1.0.0},
  url = {https://CRAN.R-project.org/package=forcats},
}
@Book{R-ggplot2,
  author = {Hadley Wickham},
  title = {ggplot2: Elegant Graphics for Data Analysis},
  publisher = {Springer-Verlag New York},
  year = {2016},
  isbn = {978-3-319-24277-4},
  url = {https://ggplot2.tidyverse.org},
}
@Article{R-lubridate,
  title = {Dates and Times Made Easy with {lubridate}},
  author = {Garrett Grolemund and Hadley Wickham},
  journal = {Journal of Statistical Software},
  year = {2011},
  volume = {40},
  number = {3},
  pages = {1--25},
  url = {https://www.jstatsoft.org/v40/i03/},
}
@Manual{R-purrr,
  title = {purrr: Functional Programming Tools},
  author = {Hadley Wickham and Lionel Henry},
  year = {2023},
  note = {R package version 1.0.2},
  url = {https://CRAN.R-project.org/package=purrr},
}
@Manual{R-readr,
  title = {readr: Read Rectangular Text Data},
  author = {Hadley Wickham and Jim Hester and Jennifer Bryan},
  year = {2023},
  note = {R package version 2.1.4},
  url = {https://CRAN.R-project.org/package=readr},
}
@Manual{R-stringr,
  title = {stringr: Simple, Consistent Wrappers for Common String Operations},
  author = {Hadley Wickham},
  year = {2023},
  note = {R package version 1.5.1},
  url = {https://CRAN.R-project.org/package=stringr},
}
@Manual{R-tibble,
  title = {tibble: Simple Data Frames},
  author = {Kirill Müller and Hadley Wickham},
  year = {2023},
  note = {R package version 3.2.1},
  url = {https://CRAN.R-project.org/package=tibble},
}
@Manual{R-tidyr,
  title = {tidyr: Tidy Messy Data},
  author = {Hadley Wickham and Davis Vaughan and Maximilian Girlich},
  year = {2023},
  note = {R package version 1.3.0},
  url = {https://CRAN.R-project.org/package=tidyr},
}
@Article{R-tidyverse,
  title = {Welcome to the {tidyverse}},
  author = {Hadley Wickham and Mara Averick and Jennifer Bryan and Winston Chang and Lucy D'Agostino McGowan and Romain François and Garrett Grolemund and Alex Hayes and Lionel Henry and Jim Hester and Max Kuhn and Thomas Lin Pedersen and Evan Miller and Stephan Milton Bache and Kirill Müller and Jeroen Ooms and David Robinson and Dana Paige Seidel and Vitalie Spinu and Kohske Takahashi and Davis Vaughan and Claus Wilke and Kara Woo and Hiroaki Yutani},
  year = {2019},
  journal = {Journal of Open Source Software},
  volume = {4},
  number = {43},
  pages = {1686},
  doi = {10.21105/joss.01686},
}
@Manual{R-readxl,
  title = {readxl: Read Excel Files},
  author = {Hadley Wickham and Jennifer Bryan},
  year = {2023},
  note = {R package version 1.4.3},
  url = {https://CRAN.R-project.org/package=readxl},
}
@Book{R-MASS,
  title = {Modern Applied Statistics with S},
  author = {W. N. Venables and B. D. Ripley},
  publisher = {Springer},
  edition = {Fourth},
  address = {New York},
  year = {2002},
  note = {ISBN 0-387-95457-0},
  url = {https://www.stats.ox.ac.uk/pub/MASS4/},
}
@Manual{R-Matrix,
  title = {Matrix: Sparse and Dense Matrix Classes and Methods},
  author = {Douglas Bates and Martin Maechler and Mikael Jagan},
  year = {2023},
  note = {R package version 1.6-1.1},
  url = {https://CRAN.R-project.org/package=Matrix},
}
@Article{R-mediation_a,
  title = {{mediation}: {R} Package for Causal Mediation Analysis},
  author = {Dustin Tingley and Teppei Yamamoto and Kentaro Hirose and Luke Keele and Kosuke Imai},
  journal = {Journal of Statistical Software},
  year = {2014},
  volume = {59},
  number = {5},
  pages = {1--38},
  url = {http://www.jstatsoft.org/v59/i05/},
}
@Article{R-mediation_b,
  title = {Identification, Inference, and Sensitivity Analysis for Causal Mediation Effects},
  author = {Kosuke Imai and Luke Keele and Teppei Yamamoto},
  journal = {Statistical Science},
  year = {2010},
  volume = {25},
  number = {1},
  pages = {51--71},
  url = {http://imai.princeton.edu/research/mediation.html},
}
@Article{R-mediation_c,
  title = {A General Approach to Causal Mediation Analysis},
  author = {Kosuke Imai and Luke Keele and Dustin Tingley},
  journal = {Psychological Methods},
  year = {2010},
  volume = {15},
  number = {4},
  pages = {309--334},
  url = {http://imai.princeton.edu/research/BaronKenny.html},
}
@Article{R-mediation_d,
  title = {Unpacking the Black Box of Causality: Learning about Causal Mechanisms from Experimental and Observational Studies},
  author = {Kosuke Imai and Luke Keele and Dustin Tingley and Teppei Yamamoto},
  journal = {American Political Science Review},
  year = {2011},
  volume = {105},
  number = {4},
  pages = {765--789},
  url = {http://imai.princeton.edu/research/mediationP.html},
}
@Article{R-mediation_e,
  title = {Identification and Sensitivity Analysis for Multiple Causal Mechanisms: Revisiting Evidence from Framing Experiments},
  author = {Kosuke Imai and Teppei Yamamoto},
  journal = {Political Analysis},
  year = {2013},
  volume = {21},
  number = {2},
  pages = {141--171},
  url = {http://imai.princeton.edu/research/medsens.html},
}
@Book{R-mvtnorm,
  title = {Computation of Multivariate Normal and t Probabilities},
  author = {Alan Genz and Frank Bretz},
  series = {Lecture Notes in Statistics},
  year = {2009},
  publisher = {Springer-Verlag},
  address = {Heidelberg},
  isbn = {978-3-642-01688-2},
}
@Article{R-sandwich_a,
  title = {Various Versatile Variances: An Object-Oriented Implementation of Clustered Covariances in {R}},
  author = {Achim Zeileis and Susanne K\"oll and Nathaniel Graham},
  journal = {Journal of Statistical Software},
  year = {2020},
  volume = {95},
  number = {1},
  pages = {1--36},
  doi = {10.18637/jss.v095.i01},
}
@Article{R-sandwich_b,
  title = {Econometric Computing with {HC} and {HAC} Covariance Matrix Estimators},
  author = {Achim Zeileis},
  journal = {Journal of Statistical Software},
  year = {2004},
  volume = {11},
  number = {10},
  pages = {1--17},
  doi = {10.18637/jss.v011.i10},
}
@Article{R-sandwich_c,
  title = {Object-Oriented Computation of Sandwich Estimators},
  author = {Achim Zeileis},
  journal = {Journal of Statistical Software},
  year = {2006},
  volume = {16},
  number = {9},
  pages = {1--16},
  doi = {10.18637/jss.v016.i09},
}
@Manual{R-ggsci,
  title = {ggsci: Scientific Journal and Sci-Fi Themed Color Palettes for
'ggplot2'},
  author = {Nan Xiao},
  year = {2023},
  note = {R package version 3.0.0},
  url = {https://CRAN.R-project.org/package=ggsci},
}
@Manual{R-diagram,
  title = {diagram: Functions for Visualising Simple Graphs (Networks), Plotting
Flow Diagrams},
  author = {Karline Soetaert},
  year = {2020},
  note = {R package version 1.6.5},
  url = {https://CRAN.R-project.org/package=diagram},
}
@Manual{R-shape,
  title = {shape: Functions for Plotting Graphical Shapes, Colors},
  author = {Karline Soetaert},
  year = {2021},
  note = {R package version 1.4.6},
  url = {https://CRAN.R-project.org/package=shape},
}
@Manual{R-stargazer,
  title = {stargazer: Well-Formatted Regression and Summary Statistics Tables},
  author = {Marek Hlavac},
  year = {2022},
  note = {R package version 5.2.3},
  organization = {Social Policy Institute},
  address = {Bratislava, Slovakia},
  url = {https://CRAN.R-project.org/package=stargazer},
}
@Manual{R-plot.matrix,
  title = {plot.matrix: Visualizes a Matrix as Heatmap},
  author = {Sigbert Klinke},
  year = {2022},
  note = {R package version 1.6.2},
  url = {https://CRAN.R-project.org/package=plot.matrix},
}
@Manual{R-ggformula,
  title = {ggformula: Formula Interface to the Grammar of Graphics},
  author = {Daniel Kaplan and Randall Pruim},
  year = {2023},
  note = {R package version 0.12.0},
  url = {https://CRAN.R-project.org/package=ggformula},
}
@Book{R-lattice,
  title = {Lattice: Multivariate Data Visualization with R},
  author = {Deepayan Sarkar},
  year = {2008},
  publisher = {Springer},
  address = {New York},
  isbn = {978-0-387-75968-5},
  url = {http://lmdvr.r-forge.r-project.org},
}
@Article{R-mosaic,
  author = {Randall Pruim and Daniel T Kaplan and Nicholas J Horton},
  title = {The mosaic Package: Helping Students to 'Think with Data' Using R},
  journal = {The R Journal},
  volume = {9},
  number = {1},
  pages = {77--102},
  year = {2017},
  url = {https://journal.r-project.org/archive/2017/RJ-2017-024/index.html},
}
@Manual{R-mosaicData,
  title = {mosaicData: Project MOSAIC Data Sets},
  author = {Randall Pruim and Daniel Kaplan and Nicholas Horton},
  year = {2023},
  note = {R package version 0.20.4},
  url = {https://CRAN.R-project.org/package=mosaicData},
}
@Manual{R-kableExtra,
  title = {kableExtra: Construct Complex Table with 'kable' and Pipe Syntax},
  author = {Hao Zhu},
  year = {2024},
  note = {R package version 1.4.0},
  url = {https://CRAN.R-project.org/package=kableExtra},
}
@Manual{R-psych,
  title = {psych: Procedures for Psychological, Psychometric, and Personality Research},
  author = {{William Revelle}},
  organization = {Northwestern University},
  address = {Evanston, Illinois},
  year = {2024},
  note = {R package version 2.4.1},
  url = {https://CRAN.R-project.org/package=psych},
}
